@article{doe2021Title1,
  title = {Title1 of Article},
  author = {John, Doe},
  year = {2021},
  volume = {1},
  pages = {1--2},
  journal = {Name of the Journal}
}

@article{doe2021Title2,
  title = {Title2 of Article},
  author = {Jane, Doe},
  year = {2021},
  volume = {1},
  pages = {1--2},
  journal = {Name of the Journal}
}

@article{bourne2021Title3,
  title = {Title3 of Article},
  author = {Bourne, Jason},
  year = {2021},
  volume = {1},
  pages = {1--2},
  journal = {Name of the Journal}
}

@article{nguyen2021Title4,
  title = {Title4 of Article},
  author = {Nguyen, Diane},
  year = {2021},
  volume = {1},
  pages = {1--2},
  journal = {Name of the Journal}
}
